@book{1985plato,
  title={Plato's Symposium: Text},
  author={Rose, G.P.},
  series={Bryn Mawr Greek commentaries},
  year={1985},
  publisher={Thomas Library, Bryn Mawr College}
}

